@article{mia,
    author={Twala, B.E.T.H and Jones, M.C. and Hand, D.J.},
    title={Good methods for coping with missing data in decision trees},
    journal={Pattern Recognition Letters},
    volume={29(7)},
    year=2008,
    pages={950-956}
}
@article{rsf,
    author={Ishwaran, H. and Kogalur, U.B. and Blackstone, E.H. and Laure, M.S.},
    title={Random survival forests},
    journal={The Annals of Applied Statistics},
    volume={2},
    year=2008,
    pages={841-860}
}
@article{otfi,
    author={Tang, F. and Ishwaran, H.},
    title={Random Forest Missing Data Algorithms},
    journal={Stat Anal Data Min: The ASA Data Sci Journal},
    volume={10},
    year=2017,
    pages={363-377},
    note={\url{https://doi.org/10.1002/sam.11348}}
}
@article{lwd,
    author={Allison, P.D.},
    title={Missing Data},
    journal={Quantitative Applications in the Social Sciences},
    volume={136},
    year=2001,
}

